%Beispiel f端r Journalartikel
@Article{upper,
	author={D. Upper},
	title={{The Unsuccessful Self-Treatment of a Case of ''Writer's Block.``}},
	journal={Journal of Applied Behavior Analysis},
	year={1974},
	pages={794},
	volume={7}
}

%Beispiel f端r Artikel aus Conference Proceedings
@inproceedings{flocchini,
	author={P. Flocchini and M. Kellett and P.C. Mason and N. Santoro},
	booktitle={Proceedings of the International Conference on Fun with Algorithms (FUN)},
	title={{Finding Good Coffee in Paris}},
	year={2012},
	pages={154--165}
}

%Beispiel f端r Onlinequelle
@online{aaronson,
	author = {S. Aaronson},
	title = {{Polynomial Hierarchy Collapses}},
	howpublished = {\url{https://www.scottaaronson.com/writings/phcollapse.pdf}},
	note = {Abgerufen am: 16.04.2018},
}

%Beispiel f端r Standard
@techreport{rfc,
	author = {L. Masinter},
	title = {{Hyper Text Coffee Pot Control Protocol (HTCPCP/1.0)}},
	type={RFC},
	number={2324},
	note = {{Available: \url{http://rfc-editor.org/rfc/rfc2324.txt}}},
	year = {1998},
	institution={IETF},
	key={RFC2324}
}